@article{1,
  title={期刊},
  author={主要作者},
  journal={刊名},
  volume={卷号},
  number={期号},
  pages={起止页码},
  year={出版年份},
}
@book{2,
  author         = {著者},
  editor         = {编者},
  publisher      = {出版者},
  title          = {书名},
  address        = {出版地},
  year           = {出版年},
  page           = {起止页码}
}
@masterthesis{3,
  author = {作者}, 
  title = {题名},
  school = {保存单位},
  year = {年份},
  address = {保存地}
}


@article{cohen1960coefficient,
  title={A coefficient of agreement for nominal scales},
  author={Cohen, Jacob},
  journal={Educational and psychological measurement},
  volume={20},
  number={1},
  pages={37--46},
  year={1960},
  publisher={Sage Publications Sage CA: Thousand Oaks, CA}
}
